2600 3808
850 1138 1448 1207 PRAEFATIO.

277 1449 589 1493 Grammaticae
604 1448 788 1492 Celticae
801 1449 959 1491 librum
972 1449 1248 1504 praeclarum,
1262 1450 1335 1492 sed
1348 1450 1486 1491 minus
1499 1449 1687 1492 habilem
1700 1455 1875 1506 propter
1888 1454 2130 1506 argumenti

162 1537 206 1578 et
243 1533 466 1576 voluminis
503 1532 826 1588 amplitudinem
863 1533 1004 1575 indice
1041 1532 1238 1575 uberiore
1275 1532 1495 1587 aliquanto
1526 1533 1734 1588 aptiorem
1766 1535 1821 1577 ad
1851 1549 1975 1577 usum
2004 1537 2129 1579 reddi

160 1631 284 1673 posse
327 1617 491 1659 monuit
526 1630 604 1658 nos
641 1619 740 1659 ante
777 1616 855 1658 hos
891 1620 979 1658 tres
1016 1630 1148 1658 anuos
1185 1615 1422 1659 ERNESTUS
1453 1616 1711 1668 WmmscH,
1749 1618 1812 1659 vir
1850 1619 2129 1671 doctissimus,

161 1703 413 1757 praeceptor
462 1699 714 1742 carissimus.
788 1699 989 1742 Protinus
1038 1699 1170 1754 igitur
1219 1701 1409 1754 aggressi
1458 1700 1513 1742 ad
1563 1700 1745 1742 indicem
1795 1704 2129 1757 componendum

161 1797 307 1828 earum
354 1783 561 1839 partium,
611 1797 718 1838 quae
768 1784 823 1825 ad
866 1782 1130 1825 hibernicam
1173 1783 1361 1838 linguam
1406 1787 1618 1838 spectant,
1666 1789 1817 1839 postea
1859 1800 1957 1828 vero
2000 1787 2128 1830 variis

159 1866 505 1923 occupationibus
542 1866 718 1909 distenti
755 1881 867 1909 nunc
904 1867 1073 1908 demum
1111 1866 1358 1920 opusculum
1396 1867 1471 1909 diu
1501 1867 1746 1910 incohatum
1776 1870 2128 1923 perpetravimus.

157 1950 392 2007 Bipertitus
449 1953 514 1993 est
561 1949 742 1992 libellus.
823 1949 872 1992 In
928 1950 1063 1992 altero
1121 1950 1259 2005 capite
1311 1954 1517 2004 quantum
1565 1951 1845 1994 vetustiorum
1894 1952 2128 2007 glossarum

148 2033 470 2078 Grammaticae
505 2034 775 2077 inseruerunt
813 2037 1025 2084 auctores,
1062 2034 1254 2076 codicum
1292 2032 1572 2088 foliorumque
1592 2034 1804 2077 ordinem
1841 2037 1974 2079 secuti
2012 2051 2127 2079 com-

155 2117 393 2175 posuimus,
435 2117 480 2160 in
523 2117 659 2160 altero
704 2117 870 2172 singula
912 2115 1118 2159 vocabula
1162 2117 1515 2167 enumeravimus,
1565 2132 1744 2173 quorum
1788 2119 1841 2162 de
1884 2118 2019 2162 forma
2063 2120 2128 2162 vel

157 2199 466 2258 significatione
502 2200 566 2243 illi
604 2201 939 2255 disputaverunt.
1000 2199 1062 2242 Ut
1095 2200 1277 2255 primam
1308 2200 1426 2242 illam
1456 2204 1623 2255 partem
1655 2202 2014 2245 conscriberemus
2047 2204 2127 2246 etsi

156 2299 210 2328 ex
244 2287 368 2340 parte
403 2284 450 2327 id
485 2299 563 2327 nos
597 2284 852 2334 adduxerat,
890 2283 1004 2338 quod
1035 2287 1138 2326 tunc
1168 2283 1303 2338 maj0r
1333 2297 1432 2339 pars
1463 2283 1670 2326 librorum
1702 2299 1829 2327 manu
1860 2286 2128 2341 scriptorum,

157 2367 312 2424 quibus
355 2367 520 2424 glossae
563 2368 661 2411 illae
706 2367 994 2417 continentur,
1038 2367 1149 2422 typis
1188 2367 1376 2410 nondum
1414 2371 1507 2409 erat
1545 2381 1761 2422 expressa,
1805 2372 1949 2412 tamen
1987 2384 2037 2412 ea
2073 2384 2127 2412 ne

155 2465 269 2494 nunc
299 2451 485 2507 quidem,
516 2465 612 2493 cum
642 2450 717 2492 illa
747 2451 858 2493 ratio
885 2450 976 2506 jam
1007 2464 1092 2492 non
1124 2450 1295 2501 valeret,
1327 2451 1562 2493 omittenda
1588 2466 1677 2494 esse
1703 2452 1939 2504 videbatur,
1970 2453 2127 2508 quippe

156 2547 209 2578 ex
239 2548 324 2591 qua¹
353 2535 535 2590 perspici
567 2534 727 2585 liceret,
759 2538 963 2589 quantum
993 2533 1269 2589 reliquiarum
1297 2534 1470 2576 illarum
1494 2535 1659 2589 priscae
1685 2536 1856 2591 linguae
1880 2536 2127 2579 hibernicae

155 2618 212 2660 ad
249 2617 578 2661 construendam
618 2617 949 2660 Grammaticam
986 2617 1228 2660 adhibitum
1267 2621 1395 2667 esset,
1437 2621 1642 2673 quantum
1678 2619 1929 2673 neglectum.
1992 2619 2126 2663 Simul

156 2714 250 2744 eam
299 2701 632 2744 commentarioli
682 2701 772 2744 vice
821 2700 1032 2743 tironibus
1075 2702 1121 2742 in
1165 2700 1317 2743 studiis
1360 2700 1488 2756 hujus
1531 2701 1702 2755 linguae
1746 2702 1991 2757 adjumento
2034 2702 2126 2746 fore

156 2784 497 2827 existimavimus.
558 2784 841 2827 Numerorum
879 2788 1006 2827 notae
1043 2784 1194 2839 glossis
1232 2785 1405 2826 additae
1436 2785 1613 2839 paginas
1645 2786 1855 2836 indicant,
1892 2786 1937 2827 in
1968 2786 2124 2840 quibus

155 2867 347 2922 singulae
382 2881 504 2911 voces
541 2871 753 2910 tractatae
792 2871 908 2918 sunt,
947 2881 998 2909 ex
1034 2867 1102 2910 his
1132 2868 1368 2910 inclinatae
1401 2881 1490 2918 eas,
1527 2869 1572 2910 in
1603 2867 1755 2922 quibus
1786 2869 1927 2924 glossa
1957 2870 2126 2925 integra

153 2951 296 3007 posita
327 2954 391 2994 est
423 2951 510 2994 sive
540 2951 759 3006 amplioris
790 2951 955 3006 glossae
987 2951 1124 3005 majus
1149 2951 1398 3002 membrum,
1429 2951 1549 2994 uncis
1574 2952 1760 2995 inclusae
1787 2966 1870 3004 eas,
1900 2954 1945 2995 in
1970 2952 2124 3007 quibus

154 3047 241 3077 non
281 3033 408 3089 plane
453 3035 600 3077 eadem
643 3049 751 3089 quae
795 3035 840 3077 in
878 3034 1020 3076 codice
1058 3037 1174 3076 extat
1211 3034 1406 3077 vocabuli
1442 3034 1580 3077 forma
1615 3035 1789 3078 laudata
1827 3040 1909 3086 est3
1955 3050 1983 3078 a
2020 3040 2063 3078 et
2100 3035 2124 3077 b

153 3116 324 3160 litterae
361 3118 546 3160 numeris
584 3118 803 3173 appositae
841 3121 1009 3172 partem
1046 3117 1307 3172 superiorem
1345 3121 1388 3160 et
1424 3118 1668 3161 inferiorem
1705 3119 1905 3173 cujusque
1941 3119 2123 3174 paginae

153 3203 318 3244 notant.
386 3200 565 3243 Znussn
594 3200 660 3243 vel
689 3200 853 3243 EBEm
885 3203 1028 3243 errata
1058 3201 1270 3256 corrigere
1302 3202 1347 3243 in
1377 3201 1458 3244 hac
1488 3201 1627 3256 prima
1657 3201 1793 3243 libelli
1824 3205 1946 3256 parte
1977 3215 2122 3257 super-

154 3297 382 3327 vacaneum
415 3288 508 3326 erat
538 3284 753 3327 codicibus
787 3283 871 3327 illis
897 3285 988 3339 jam
1019 3298 1153 3339 paene
1184 3284 1378 3327 omnibus
1407 3285 1601 3340 vulgatis.
1646 3283 1730 3327 Sed
1754 3285 1799 3327 in
1824 3284 1959 3327 altera
1982 3285 2122 3327 varias
